@book{TigerBook,
    title={{M}odern {C}ompiler {I}mplementation in {J}ava},
    author={Andrew W Appel},
    year={2002},
    publisher={Cambridge University Press},
    edition={2nd},
    pages={501}
}

@article{church1932set,
  title={A set of postulates for the foundation of logic},
  author={Church, Alonzo},
  journal={Annals of mathematics},
  pages={346--366},
  year={1932},
  publisher={JSTOR}
}

@article{hughes1989functional,
  title={Why functional programming matters},
  author={Hughes, John},
  journal={The computer journal},
  volume={32},
  number={2},
  pages={98--107},
  year={1989},
  publisher={Br Computer Soc}
}

@article{turing1937computability,
  title={Computability and $\lambda$-definability},
  author={Turing, Alan M},
  journal={The Journal of Symbolic Logic},
  volume={2},
  number={4},
  pages={153--163},
  year={1937},
  publisher={JSTOR}
}

@article{guo2004mapreduce,
  title={MapReduce: Simplified Data Processing on Large Clusters},
  author={Guo, C and Wu, H and Tan, K and Shiy, L and Zhang, Y and Luz, S},
  journal={Proc. of OSDI 2004, San Francisco, CA, USA},
  year={2004}
}

@inproceedings{meijer1991functional,
  title={Functional programming with bananas, lenses, envelopes and barbed wire},
  author={Meijer, Erik and Fokkinga, Maarten and Paterson, Ross},
  booktitle={Functional Programming Languages and Computer Architecture},
  pages={124--144},
  year={1991},
  organization={Springer}
}

@article{swierstra2008data,
  title={Data types {\`a} la carte},
  author={Swierstra, Wouter},
  journal={Journal of functional programming},
  volume={18},
  number={04},
  pages={423--436},
  year={2008},
  publisher={Cambridge Univ Press}
}

@Inbook{Johnsson1985,
author="Johnsson, Thomas",
editor="Jouannaud, Jean-Pierre",
title="Lambda lifting: Transforming programs to recursive equations",
bookTitle="Functional Programming Languages and Computer Architecture: Nancy, France, September 16--19, 1985",
year="1985",
publisher="Springer Berlin Heidelberg",
address="Berlin, Heidelberg",
pages="190--203",
isbn="978-3-540-39677-2",
doi = {10.1007/3-540-15975-4\_37},
url="http://dx.doi.org/10.1007/3-540-15975-4\_37"
}

@article{lambdalift,
 author = {Johnsson, Thomas},
 title = {Efficient Compilation of Lazy Evaluation},
 journal = {SIGPLAN Not.},
 issue_date = {April 2004},
 volume = {39},
 number = {4},
 month = apr,
 year = {2004},
 issn = {0362-1340},
 pages = {125--138},
 numpages = {14},
 url = {http://doi.acm.org.focus.lib.kth.se/10.1145/989393.989409},
 doi = {10.1145/989393.989409},
 acmid = {989409},
 publisher = {ACM},
 address = {New York, NY, USA},
} 
@book{peyton1987implementation,
  title={The implementation of functional programming languages (prentice-hall international series in computer science)},
  author={Peyton Jones, Simon L},
  year={1987},
  publisher={Prentice-Hall, Inc.}
}

@article{sussman1998scheme,
  title={Scheme: A interpreter for extended lambda calculus},
  author={Sussman, Gerald Jay and Steele, Guy L},
  journal={Higher-Order and Symbolic Computation},
  volume={11},
  number={4},
  pages={405--439},
  year={1998},
  publisher={Springer}
}
